<record><leader>00000cas a2200000 a 4500</leader><controlfield tag="001">11464184</controlfield><controlfield tag="008">841207d187018uuiluwr ne      0   b0swe c</controlfield><datafield ind1=" " ind2=" " tag="010"><subfield code="a">sn 84038719 </subfield></datafield><datafield ind1=" " ind2=" " tag="040"><subfield code="a">NPX</subfield><subfield code="b">eng</subfield><subfield code="c">NPX</subfield><subfield code="d">NPU</subfield><subfield code="d">NVF</subfield><subfield code="d">MGN</subfield><subfield code="d">NVF</subfield><subfield code="d">OCLCQ</subfield><subfield code="d">NVF</subfield><subfield code="d">OCLCQ</subfield><subfield code="d">OCLCF</subfield><subfield code="d">NVF</subfield><subfield code="d">OCLCO</subfield></datafield><datafield ind1="1" ind2=" " tag="029"><subfield code="a">AU@</subfield><subfield code="b">000020346010</subfield></datafield><datafield ind1=" " ind2=" " tag="042"><subfield code="a">pcc</subfield></datafield><datafield ind1=" " ind2=" " tag="043"><subfield code="a">n-us-il</subfield></datafield><datafield ind1="0" ind2=" " tag="130"><subfield code="a">Nya verlden (Galva, Ill.)</subfield></datafield><datafield ind1="1" ind2="0" tag="245"><subfield code="a">Nya verlden.</subfield></datafield><datafield ind1="1" ind2="3" tag="246"><subfield code="a">New world</subfield><subfield code="f">1871-&lt;&gt;</subfield></datafield><datafield ind1=" " ind2=" " tag="260"><subfield code="a">Galva, Ill. :</subfield><subfield code="b">Johnson, Chaiser &amp; Co.,</subfield><subfield code="c">1870-[18--?]</subfield></datafield><datafield ind1="2" ind2=" " tag="260"><subfield code="3">Jan. 20-Oct. 5, 1871</subfield><subfield code="a">Chicago, Ill.</subfield></datafield><datafield ind1="2" ind2=" " tag="260"><subfield code="3">Oct. 14, 1871-Mar. 7, 1872</subfield><subfield code="a">Galesburg, Ill.</subfield></datafield><datafield ind1="3" ind2=" " tag="260"><subfield code="3">Mar. 16, 1872-&lt;&gt;</subfield><subfield code="a">Chicago, Ill.</subfield></datafield><datafield ind1=" " ind2=" " tag="300"><subfield code="a">v.</subfield></datafield><datafield ind1=" " ind2=" " tag="310"><subfield code="a">Weekly</subfield></datafield><datafield ind1="0" ind2=" " tag="362"><subfield code="a">2dra a&#778;rg., no. 45 (4 Nov. 1870)-</subfield></datafield><datafield ind1=" " ind2=" " tag="546"><subfield code="a">In Swedish.</subfield></datafield><datafield ind1=" " ind2=" " tag="580"><subfield code="a">Merged with: Nya Svenska Amerikanaren, to form: Svenska tribunen (Chicago, Ill. : 1877).</subfield></datafield><datafield ind1=" " ind2=" " tag="588"><subfield code="a">Latest issue consulted: Sept. 23, 1876.</subfield></datafield><datafield ind1=" " ind2="0" tag="650"><subfield code="a">Swedes</subfield><subfield code="z">Illinois</subfield><subfield code="v">Newspapers.</subfield></datafield><datafield ind1=" " ind2="0" tag="650"><subfield code="a">Swedish Americans</subfield><subfield code="z">Illinois</subfield><subfield code="v">Newspapers.</subfield></datafield><datafield ind1=" " ind2="0" tag="651"><subfield code="a">Swedish American newspapers</subfield><subfield code="z">Illinois</subfield></datafield><datafield ind1=" " ind2="0" tag="651"><subfield code="a">Illinois</subfield><subfield code="v">Newspapers.</subfield></datafield><datafield ind1=" " ind2="7" tag="650"><subfield code="a">Swedes.</subfield><subfield code="2">fast</subfield><subfield code="0">(OCoLC)fst01139996</subfield></datafield><datafield ind1=" " ind2="7" tag="650"><subfield code="a">Swedish Americans.</subfield><subfield code="2">fast</subfield><subfield code="0">(OCoLC)fst01140023</subfield></datafield><datafield ind1=" " ind2="7" tag="651"><subfield code="a">Illinois.</subfield><subfield code="2">fast</subfield><subfield code="0">(OCoLC)fst01205143</subfield></datafield><datafield ind1=" " ind2="7" tag="655"><subfield code="a">Newspapers.</subfield><subfield code="2">fast</subfield><subfield code="0">(OCoLC)fst01423814</subfield></datafield><datafield ind1=" " ind2=" " tag="752"><subfield code="a">United States</subfield><subfield code="b">Illinois</subfield><subfield code="c">Henry</subfield><subfield code="d">Galva.</subfield></datafield><datafield ind1=" " ind2=" " tag="752"><subfield code="a">United States</subfield><subfield code="b">Illinois</subfield><subfield code="c">Cook</subfield><subfield code="d">Chicago.</subfield></datafield><datafield ind1=" " ind2=" " tag="752"><subfield code="a">United States</subfield><subfield code="b">Illinois</subfield><subfield code="c">Knox</subfield><subfield code="d">Galesburg.</subfield></datafield><datafield ind1="0" ind2="0" tag="780"><subfield code="t">Illinois Swede</subfield><subfield code="w">(DLC)sn 92055162</subfield><subfield code="w">(OCoLC)26460314</subfield></datafield><datafield ind1="1" ind2="7" tag="785"><subfield code="t">Nya svenska amerikanaren</subfield><subfield code="w">(DLC)sn 83045800</subfield><subfield code="w">(OCoLC)9657748</subfield></datafield><datafield ind1="1" ind2="7" tag="785"><subfield code="t">Svenska tribunen (Chicago, Ill. : 1877)</subfield><subfield code="w">(DLC)sn 83045731</subfield><subfield code="w">(OCoLC)9601871</subfield></datafield></record>